@inproceedings{exact-learner-tool-2018,
  author       = {Mario Ricardo Cruz Duarte and
                  Boris Konev and
                  Ana Ozaki},
  editor       = {Michael Thielscher and
                  Francesca Toni and
                  Frank Wolter},
  title        = {ExactLearner: {A} Tool for Exact Learning of {EL} Ontologies},
  booktitle    = {Principles of Knowledge Representation and Reasoning: Proceedings
                  of the Sixteenth International Conference, {KR} 2018, Tempe, Arizona,
                  30 October - 2 November 2018},
  pages        = {409--414},
  publisher    = {{AAAI} Press},
  year         = {2018},
  url          = {https://aaai.org/ocs/index.php/KR/KR18/paper/view/18006}
}